<?xml version = "1.0" encoding = "UTF-8"?><OAI-PMH xmlns="http://www.openarchives.org/OAI/2.0/" xmlns:xsi="http://www.w3.org/2001/XMLSchema-instance" xsi:schemaLocation="http://www.openarchives.org/OAI/2.0/ http://www.openarchives.org/OAI/2.0/OAI-PMH.xsd"><ListRecords><record><header><identifier>aleph-publish:014789398</identifier></header><metadata><record xmlns="http://www.ddb.de/professionell/mabxml/mabxml-1.xsd"><leader>00766vM2.01200024------h</leader><controlfield tag="LDR">00766vM2.01200024------h</controlfield><controlfield tag="FMT">MH</controlfield><datafield tag="001" ind1="-" ind2="1"><subfield code="a">HT014721385</subfield></datafield><datafield tag="002" ind1="a" ind2="1"><subfield code="a">20060508</subfield></datafield><datafield tag="003" ind1="-" ind2="1"><subfield code="a">20060613</subfield></datafield><controlfield tag="030">a|1uc||||||37</controlfield><datafield tag="036" ind1="a" ind2="1"><subfield code="a">FR</subfield></datafield><datafield tag="037" ind1="b" ind2="1"><subfield code="a">fre</subfield></datafield><controlfield tag="050">a|||||||||||||</controlfield><controlfield tag="051">n|||||||</controlfield><datafield tag="070" ind1="-" ind2="1"><subfield code="a">5</subfield></datafield><datafield tag="070" ind1="b" ind2="1"><subfield code="a">6</subfield></datafield><datafield tag="080" ind1="-" ind2="1"><subfield code="a">60</subfield></datafield><datafield tag="100" ind1="b" ind2="1"><subfield code="p">Deuffic, Jean-Luc</subfield><subfield code="b">[Hrsg.]</subfield><subfield code="9">(DE-588)136482147</subfield></datafield><datafield tag="331" ind1="-" ind2="1"><subfield code="a">Livres et bibliothèques au Moyen Âge</subfield></datafield><datafield tag="359" ind1="-" ind2="1"><subfield code="a">éd. Jean-Luc Deuffic</subfield></datafield><datafield tag="410" ind1="-" ind2="1"><subfield code="a">Saint-Denis</subfield></datafield><datafield tag="412" ind1="-" ind2="1"><subfield code="a">Pecia</subfield></datafield><datafield tag="425" ind1="b" ind2="1"><subfield code="a">2005</subfield></datafield><datafield tag="451" ind1="-" ind2="1"><subfield code="a">&lt;&lt;Le&gt;&gt; livre médiéval ; ...</subfield></datafield><datafield tag="523" ind1="-" ind2="1"><subfield code="a">1.2005 -</subfield></datafield><datafield tag="902" ind1="-" ind2="1"><subfield code="p">Charles</subfield><subfield code="c">Orléans, Duc</subfield><subfield code="d">1394-1465</subfield><subfield code="9">(DE-588)119021439</subfield></datafield><datafield tag="902" ind1="-" ind2="1"><subfield code="s">Bibliothek</subfield><subfield code="9">(DE-588)4006439-6</subfield></datafield><datafield tag="902" ind1="-" ind2="1"><subfield code="z">Geschichte 1427</subfield></datafield><datafield tag="902" ind1="-" ind2="1"><subfield code="f">Verzeichnis</subfield></datafield><datafield tag="907" ind1="-" ind2="1"><subfield code="p">Dunois, Jean &lt;&lt;de&gt;&gt;</subfield><subfield code="d">1403-1468</subfield><subfield code="9">(DE-588)123184991</subfield></datafield><datafield tag="907" ind1="-" ind2="1"><subfield code="s">Bibliothek</subfield><subfield code="9">(DE-588)4006439-6</subfield></datafield><datafield tag="907" ind1="-" ind2="1"><subfield code="z">Geschichte 1468</subfield></datafield><datafield tag="907" ind1="-" ind2="1"><subfield code="f">Verzeichnis</subfield></datafield><datafield tag="912" ind1="-" ind2="1"><subfield code="p">Jean</subfield><subfield code="c">Berry, Herzog</subfield><subfield code="d">1340-1416</subfield><subfield code="9">(DE-588)118820915</subfield></datafield><datafield tag="912" ind1="-" ind2="1"><subfield code="s">Bibliothek</subfield><subfield code="9">(DE-588)4006439-6</subfield></datafield><datafield tag="912" ind1="-" ind2="1"><subfield code="z">Geschichte 1416</subfield></datafield><datafield tag="912" ind1="-" ind2="1"><subfield code="f">Verzeichnis</subfield></datafield><controlfield tag="SYS">014789398</controlfield><datafield tag="LOW" ind1="-" ind2="1"><subfield code="a">M1075</subfield></datafield><datafield tag="LOW" ind1="-" ind2="1"><subfield code="a">Q0001</subfield></datafield><datafield tag="LOW" ind1="-" ind2="1"><subfield code="a">Q1142</subfield></datafield><datafield tag="LOW" ind1="-" ind2="1"><subfield code="a">M1129</subfield></datafield><datafield tag="952" ind1="-" ind2="1"><subfield code="p">Charles</subfield><subfield code="c">of Orléans</subfield><subfield code="d">1394-1465</subfield></datafield><datafield tag="952" ind1="-" ind2="1"><subfield code="p">Charles</subfield><subfield code="c">d&apos;Orléans</subfield><subfield code="d">1394-1465</subfield></datafield><datafield tag="952" ind1="-" ind2="1"><subfield code="p">Charles</subfield><subfield code="c">Orleans, Duke</subfield><subfield code="d">1394-1465</subfield></datafield><datafield tag="952" ind1="-" ind2="1"><subfield code="p">Charles</subfield><subfield code="c">de Valois</subfield><subfield code="d">1394-1465</subfield></datafield><datafield tag="952" ind1="-" ind2="1"><subfield code="p">Charles</subfield><subfield code="c">d&apos;Angoulème</subfield><subfield code="d">1394-1465</subfield></datafield><datafield tag="952" ind1="-" ind2="1"><subfield code="p">Karl</subfield><subfield code="c">Orléans, Herzog</subfield><subfield code="d">1394-1465</subfield></datafield><datafield tag="952" ind1="-" ind2="1"><subfield code="p">Charles</subfield><subfield code="c">Orléans, Herzog</subfield><subfield code="d">1394-1465</subfield></datafield><datafield tag="952" ind1="-" ind2="1"><subfield code="p">Orléans, Charles &lt;&lt;d&apos;&gt;&gt;</subfield><subfield code="d">1394-1465</subfield></datafield><datafield tag="952" ind1="-" ind2="1"><subfield code="s">Bibliotheken</subfield></datafield><datafield tag="952" ind1="-" ind2="1"><subfield code="s">Allgemeinbibliothek</subfield></datafield><datafield tag="952" ind1="-" ind2="1"><subfield code="s">Bibliothekswesen</subfield></datafield><datafield tag="952" ind1="-" ind2="1"><subfield code="s">Bücherei</subfield></datafield><datafield tag="952" ind1="-" ind2="1"><subfield code="s">Universalbibliothek</subfield></datafield><datafield tag="952" ind1="-" ind2="1"><subfield code="s">Gebrauchsbibliothek</subfield></datafield><datafield tag="957" ind1="-" ind2="1"><subfield code="p">Dunois, Jean d&apos;Orléans &lt;&lt;de&gt;&gt;</subfield><subfield code="d">1403-1468</subfield></datafield><datafield tag="957" ind1="-" ind2="1"><subfield code="p">Orléans, Jean &lt;&lt;d&apos;&gt;&gt;</subfield><subfield code="d">1403-1468</subfield></datafield><datafield tag="957" ind1="-" ind2="1"><subfield code="p">Bastard von Orléans</subfield><subfield code="d">1403-1468</subfield></datafield><datafield tag="957" ind1="-" ind2="1"><subfield code="p">Bâtard d&apos;Orléans</subfield><subfield code="d">1403-1468</subfield></datafield><datafield tag="957" ind1="-" ind2="1"><subfield code="s">Bibliotheken</subfield></datafield><datafield tag="957" ind1="-" ind2="1"><subfield code="s">Allgemeinbibliothek</subfield></datafield><datafield tag="957" ind1="-" ind2="1"><subfield code="s">Bibliothekswesen</subfield></datafield><datafield tag="957" ind1="-" ind2="1"><subfield code="s">Bücherei</subfield></datafield><datafield tag="957" ind1="-" ind2="1"><subfield code="s">Universalbibliothek</subfield></datafield><datafield tag="957" ind1="-" ind2="1"><subfield code="s">Gebrauchsbibliothek</subfield></datafield><datafield tag="962" ind1="-" ind2="1"><subfield code="p">Jean</subfield><subfield code="c">Berry, Duc</subfield><subfield code="d">1340-1416</subfield></datafield><datafield tag="962" ind1="-" ind2="1"><subfield code="p">Jean</subfield><subfield code="n">II.</subfield><subfield code="c">Berry, Duc</subfield><subfield code="d">1340-1416</subfield></datafield><datafield tag="962" ind1="-" ind2="1"><subfield code="p">Jean</subfield><subfield code="c">de France</subfield><subfield code="d">1340-1416</subfield></datafield><datafield tag="962" ind1="-" ind2="1"><subfield code="p">Jean</subfield><subfield code="c">de France, 1340-1416</subfield><subfield code="d">1340-1416</subfield></datafield><datafield tag="962" ind1="-" ind2="1"><subfield code="p">Berry, Jean &lt;&lt;de&gt;&gt;</subfield><subfield code="d">1340-1416</subfield></datafield><datafield tag="962" ind1="-" ind2="1"><subfield code="p">Berry, Jan &lt;&lt;z&gt;&gt;</subfield><subfield code="d">1340-1416</subfield></datafield><datafield tag="962" ind1="-" ind2="1"><subfield code="p">Jehan</subfield><subfield code="c">Berry, Duc</subfield><subfield code="d">1340-1416</subfield></datafield><datafield tag="962" ind1="-" ind2="1"><subfield code="p">Johann</subfield><subfield code="c">Berry, Herzog</subfield><subfield code="d">1340-1416</subfield></datafield><datafield tag="962" ind1="-" ind2="1"><subfield code="p">Jean</subfield><subfield code="c">de Berri</subfield><subfield code="d">1340-1416</subfield></datafield><datafield tag="962" ind1="-" ind2="1"><subfield code="p">Jean</subfield><subfield code="c">de Berry</subfield><subfield code="d">1340-1416</subfield></datafield><datafield tag="962" ind1="-" ind2="1"><subfield code="p">Jean</subfield><subfield code="c">Berry, Herzog</subfield><subfield code="d">1340-1416</subfield></datafield><datafield tag="962" ind1="-" ind2="1"><subfield code="s">Bibliotheken</subfield></datafield><datafield tag="962" ind1="-" ind2="1"><subfield code="s">Allgemeinbibliothek</subfield></datafield><datafield tag="962" ind1="-" ind2="1"><subfield code="s">Bibliothekswesen</subfield></datafield><datafield tag="962" ind1="-" ind2="1"><subfield code="s">Bücherei</subfield></datafield><datafield tag="962" ind1="-" ind2="1"><subfield code="s">Universalbibliothek</subfield></datafield><datafield tag="962" ind1="-" ind2="1"><subfield code="s">Gebrauchsbibliothek</subfield></datafield><datafield tag="088" ind1=" " ind2=" "><subfield code="a">Kn 28</subfield><subfield code="b">MAG</subfield><subfield code="c">Fc 4259</subfield><subfield code="e">Normalausleihe</subfield></datafield><datafield tag="088" ind1=" " ind2=" "><subfield code="a">5</subfield></datafield><datafield tag="088" ind1=" " ind2=" "><subfield code="a">5/7</subfield></datafield><datafield tag="088" ind1=" " ind2=" "><subfield code="a">6/166</subfield></datafield><datafield tag="088" ind1=" " ind2=" "><subfield code="a">6/248</subfield></datafield></record></metadata></record></ListRecords></OAI-PMH>